@PHDTHESIS{markhall99,
    author  = "Mark A. Hall",
    title   = "Correlation-based Feature Selection for Machine Learning",
    year    = "1999",
    school	= "University of Waikato",
    note 	= "Prieiga internetu: \url{http://www.cs.waikato.ac.nz/~ml/publications/1999/99MH-Thesis.ps}"
}

@MASTERSTHESIS{martisiute08,
    author  = "Dalia Marti{\v s}i{\= u}t\.{e}",
    title   = "Vaizd\c{u} klasterizavimas",
    year    = "2008",
    school	= "Vilniaus universitetas",
    editor	= "Doc. Algirdas Bastys",
    note 	= "Prieiga internetu: \url{http://vddb.laba.lt/fedora/get/LT-eLABa-0001:E.02~2008~D_20090908_201754-37094/DS.005.1.01.ETD}"
}

@MASTERSTHESIS{simkevicius06,
    author  = "Simonas  \v{S}imkevi\v{c}ius",
    title   = "Klasifikavimo su mokytoju metod\c{u} lyginamoji analiz\.{e}",
    year    = "2006",
    school	= "Kauno technologijos universitetas",
    editor	= "doc. dr. V. Janilionis",
    note 	= "Prieiga internetu: \url{http://vddb.laba.lt/fedora/get/LT-eLABa-0001:E.02~2006~D_20060605_092832-93331/DS.005.0.02.ETD}"
}

@PHDTHESIS{mamcenko08,
    author  = "Jelena Mam\v{c}enko",
    title   = "Duomen\c{u} gavybos technologij\c{u} taikymas i\v{s}skirstyt\c{u} serveri\c{u} darbui gerinti",
    year    = "2008",
    school	= "Vilniaus Gedimino technikos universitetas",
    editor	= "prof. habil. dr. Genadijus Kulvietis",
    note	= "Prieiga internetu: \url{http://vddb.laba.lt/fedora/get/LT-eLABa-0001:E.02~2008~D_20090105_150124-79076/DS.005.0.02.ETD}"
}

@PHDTHESIS{bernataviciene08,
    author  = "Jolita Bernatavi\v{c}ien\.{e}",
    title   = "Vizualios žinių gavybos metodologija ir jos tyrimas",
    year    = "2008",
    school	= "Vilniaus Gedimino technikos universitetas",
    editor	= "prof. habil. dr. Gintautas Dzemyda",
    note	= "Prieiga internetu: \url{http://vddb.laba.lt/fedora/get/LT-eLABa-0001:E.02~2008~D_20080930_090520-93322/DS.005.0.02.ETD}"
}

@book{vapnik2000nature,
  title={The nature of statistical learning theory},
  author={Vapnik, V.N.},
  isbn={9780387987804},
  lccn={99039803},
  series={Statistics for engineering and information science},
  url={http://books.google.lt/books?id=sna9BaxVbj8C},
  year={2000},
  publisher={Springer}
}

@book{tzz2010,
	title	= {Tarptautini\c{u} \v{z}od\v{z}i\c{u} \v{z}odynas},
	url		={http://www.tzz.lt/r/regresija},
	year	= {2010},
	publisher	= {Vyriausioji enciklopedij\c{u} redakcija}
}
