@book{vapnik2000nature,
  title={The nature of statistical learning theory},
  author={Vapnik, V.N.},
  isbn={9780387987804},
  lccn={99039803},
  series={Statistics for engineering and information science},
  url={http://books.google.lt/books?id=sna9BaxVbj8C},
  year={2000},
  publisher={Springer}
}

@inproceedings{Loscalzo:2009:CGS:1557019.1557084,
 author = {Loscalzo, Steven and Yu, Lei and Ding, Chris},
 title = {Consensus group stable feature selection},
 booktitle = {Proceedings of the 15th ACM SIGKDD international conference on Knowledge discovery and data mining},
 series = {KDD '09},
 year = {2009},
 isbn = {978-1-60558-495-9},
 location = {Paris, France},
 pages = {567--576},
 numpages = {10},
 url = {http://doi.acm.org/10.1145/1557019.1557084},
 doi = {10.1145/1557019.1557084},
 acmid = {1557084},
 publisher = {ACM},
 address = {New York, NY, USA},
 keywords = {ensemble, feature selection, high-dimensional data, small sample, stability},
}

@ARTICLE{5611484, 
author={Feng Yang and Mao, K.Z.}, 
journal={Computational Biology and Bioinformatics, IEEE/ACM Transactions on}, 
title={Robust Feature Selection for Microarray Data Based on Multicriterion Fusion}, 
year={2011}, 
month={july-aug. }, 
volume={8}, 
number={4}, 
pages={1080 -1092}, 
keywords={MCF-RFE algorithm;feature selection;gene expression;microarray data;multicriterion fusion-based recursive feature elimination;pattern analysis;pattern classifier;bioinformatics;feature extraction;genetics;sensor fusion;Algorithms;Artificial Intelligence;Computational Biology;Databases, Genetic;Gene Expression Profiling;Humans;Neoplasms;Oligonucleotide Array Sequence Analysis;Pattern Recognition, Automated;}, 
doi={10.1109/TCBB.2010.103}, 
ISSN={1545-5963},}